@Misc{Tcpdump,
	author = {Tim CARSTENS},
	title = {Programming with pcap},
    howpublished = {[online]},
    year = {2012},
    url={https://www.tcpdump.org/pcap.html},
}

@Misc{headerFiles,
    author = {TORVALDS, Linus},
	howpublished = {[online]},
	year = {2013},
	url = {https://sites.uclouvain.be/SystInfo/usr/include/linux/}
}

@Misc{ICMP,
    author = {Cloudflare},
    title = {What is ICMP?},
    howpublished = {[online]},
    url = {https://www.cloudflare.com/learning/ddos/glossary/internet-control-message-protocol-icmp/}
}

@Misc{AES,
    author = {Corinne Bernstein and Michael Cobb},
    title = {AES encryption},
    howpublished = {[online]},
    year = {2021},
    url = {https://searchsecurity.techtarget.com/definition/Advanced-Encryption-Standard}
}